<record><leader>00000cas a22000007a 4500</leader><controlfield tag="001">20859612</controlfield><controlfield tag="008">900108d18841887mnucr n       0    0eng d</controlfield><datafield ind1=" " ind2=" " tag="010"><subfield code="a">sn 89064999 </subfield></datafield><datafield ind1=" " ind2=" " tag="040"><subfield code="a">MN#</subfield><subfield code="b">eng</subfield><subfield code="c">MN#</subfield><subfield code="d">OCLCQ</subfield><subfield code="d">OCLCF</subfield><subfield code="d">OCLCO</subfield></datafield><datafield ind1=" " ind2=" " tag="042"><subfield code="a">msc</subfield></datafield><datafield ind1=" " ind2=" " tag="043"><subfield code="a">n-us-mn</subfield></datafield><datafield ind1=" " ind2=" " tag="052"><subfield code="a">4144</subfield><subfield code="b">P5</subfield></datafield><datafield ind1=" " ind2=" " tag="052"><subfield code="a">4143</subfield><subfield code="b">P5</subfield></datafield><datafield ind1="0" ind2="0" tag="245"><subfield code="a">Pipestone semi-weekly star.</subfield></datafield><datafield ind1=" " ind2=" " tag="260"><subfield code="a">Pipestone, Pipestone County, Minn. :</subfield><subfield code="b">Isaac L. Hart,</subfield><subfield code="c">1884-1887.</subfield></datafield><datafield ind1=" " ind2=" " tag="300"><subfield code="a">3 v.</subfield></datafield><datafield ind1=" " ind2=" " tag="310"><subfield code="a">Semiweekly</subfield></datafield><datafield ind1="0" ind2=" " tag="362"><subfield code="a">New ser., v. 1, no. 1 (Jan. 22, 1884)-new ser., v. 3, no. 112 (Feb. 11, 1887).</subfield></datafield><datafield ind1=" " ind2=" " tag="515"><subfield code="a">Issues for Jan. 23, 1885-Feb. 11, 1887, called also Pipestone County star, v. 6, no. 32-Pipestone County star, v. 8, no. 34.</subfield></datafield><datafield ind1=" " ind2=" " tag="530"><subfield code="a">Available on microfilm from the Minnesota Historical Society.</subfield></datafield><datafield ind1=" " ind2="0" tag="651"><subfield code="a">Pipestone (Minn.)</subfield><subfield code="v">Newspapers.</subfield></datafield><datafield ind1=" " ind2="7" tag="655"><subfield code="a">Newspapers.</subfield><subfield code="2">fast</subfield><subfield code="0">(OCoLC)fst01423814</subfield></datafield><datafield ind1=" " ind2="7" tag="651"><subfield code="a">Minnesota</subfield><subfield code="z">Pipestone.</subfield><subfield code="2">fast</subfield><subfield code="0">(OCoLC)fst01218060</subfield></datafield><datafield ind1=" " ind2=" " tag="752"><subfield code="a">United States</subfield><subfield code="b">Minnesota</subfield><subfield code="c">Pipestone</subfield><subfield code="d">Pipestone.</subfield></datafield><datafield ind1="0" ind2="0" tag="780"><subfield code="t">Pipestone County star (Pipestone City, Minn. : 1879)</subfield><subfield code="w">(DLC)sn 89064757</subfield></datafield><datafield ind1="0" ind2="0" tag="785"><subfield code="t">Pipestone County star (Pipestone, Minn. : 1887)</subfield><subfield code="w">(DLC)sn 89064881</subfield></datafield></record>